1427 1973
59 149 365 96 arcus eūgl̕a ꝺei electus et bū pe

65 193 354 72 cci apl̕i ī baptiſmate filiꝰ. aꝺqꝫ in

67 222 363 70 ꝺiuino ẜmone ꝺiſcipl̕s ſac̕doci-

80 255 341 68 um ī iſrl̕ ages ẜm cāneꝫ. leuita.

81 290 348 66 ꝯn̾fus aꝺ fideꝫ xͥ. eūgl̕m ī ytalia

86 316 360 65 ſcripſit oſtēdēs in eo qꝺ ⁊ gn¨i ſuo

79 348 361 69 rebet et xp˜o. nā incium pꝛin

79 374 354 71 apu innoce pph̕etice exclamati

76 410 362 64 oniſ ī ſtitue¨s. oꝛꝺinē leuitice ele-

71 439 364 59 ctoīs oſtēdit. ut p̄dicās ioh́m p̄

75 467 376 61 ꝺeſtinatū filiū zacharie ī uoce āgl̕i

87 498 364 56 ānūtiantis emiſſus. Nō ſolū u̕buꝫ

85 531 352 60 cānē fcm̄. ſꝫ coꝛpꝰ ꝺoͥ ī oīaꝑūbū ꝺi

76 561 358 61 uine nocis ī mutatū. In initio

71 596 366 53 eūagl̕ice p̄dicatioīs oſtenꝺeret.

72 624 368 57 ut qui b́ legēs ſciret. cm initiū

77 657 360 49 cam̄s in ꝺ̄no ⁊ ih̕u īaꝺueruētis

83 683 370 55 bītaculū caro ꝺeberet agnoſcere

81 716 365 48 acqꝫ ī ſe úbū uocis ꝙ m ꝯſon̄atibi

82 749 356 50 ꝑdiꝺerat ī uemret. Deniqꝫ cū ꝑ

83 780 377 53 fcī eugl̕u opuſ ī tn̈ſſꝫ. abapt̄o diū

76 813 392 52 ꝑdicare dm̄ ī choans. n̄ laboꝛauit

76 843 370 49 natiuitatē cārus. quā ī pꝛioꝛibꝫ

79 876 375 46 uiꝺerat ꝺicē. Sꝫ totius

85 905 367 47 ex pͥmēs ex poītōeꝫ ꝺeẜti.

90 935 375 46 ieumūi nūi. teptationē ꝺiaboli.

80 970 382 45 ꝯggratōem beſtiaꝝ. et mīſteꝛum

80 1000 369 47 ꝑtulit angl̕oꝝ ut ī ſtituēs nos

77 1033 374 42 aꝺ ītelligenꝺii. ſingl̕a ī bꝛeuis

80 1059 369 46 pingēs. nec auctoꝛitatē fcē rei-

89 1092 365 46 ꝺemeret. et ꝑfitiendi opiſ ple-

89 1124 358 44 nituꝺinē n̄o negaret. Deniqꝫ

90 1152 356 46 āputaſſe ſibi ꝑpt. Fideꝫ pollicem.

91 1178 376 50 ꝺicitur; ut ſacedotio reꝓbꝫ hētu˜.

90 1216 369 42 Sꝫ tm̄ ꝯſentiēs fiꝺei p̄deſtinata

86 1250 374 42 potuit electio ut nec ſic ī oꝑe

88 1281 386 41 ubi ꝑderet. ꝙ pͥuſ meruerat in

95 1307 361 45 gne ſtā et alexanꝺꝛie ep̄c fuit

95 1335 373 50 fuiͦ ꝑ ſingl̕a opuſ fuit ſcire et

101 1369 376 45 eu̕gĺii in ſecle ꝺicta ꝺiſponere

89 1398 375 47 ⁊ ꝺiſciplinā in ſe legis agnoſcē

95 1431 398 55 ⁊ ꝺiuinā in cāne dn̄i ītelligē na¨ꝫ

516 143 429 53 Que ī nos pͥmū opoꝛtet requiri

525 183 410 41 ꝺe hīnc ī quiſita uolumꝰ agnoſci.

523 208 421 55 bn̄tes tn̕cedē exoꝛtationis qm̈

526 242 406 47 qui plātat et qui rigat unum

525 275 407 42 ſūt. Qui aūt increm̄tū pꝛāt ꝺ̕s

524 312 397 41 ē. Explicit pꝛologus. Incipit

527 336 415 43 euāgeliuꝫ ſecunꝺuꝫ marcum

619 364 334 45 Nitiū eūglii ih̕u xͥ filii ꝺ̕i;

614 392 321 51 ſic̄ ſcriptum ē. ī yſaya ꝓph̕a

611 427 323 44 Ecce mitto angl̕m meum

605 456 325 47 an̄ faciem tuā; qui ꝑpabit

599 487 363 46 uiā tuā an̄ te. Uox clamātiis

606 517 344 48 ī ꝺeẜto pate uiā dm̄. rectas

598 550 330 43 facite ſemitas eiuſ. Fuit

596 573 346 52 ioh́s ī deẜto bapticās; ⁊ p̄-

596 607 354 47 ꝺicās bapt̄m pnīe. ī rem̄iſ-

593 640 344 47 ſionē peccatoꝝ: Et eg̾die

588 670 342 48 batur aꝺ illū omiſ iudee

591 695 357 57 regio. et ieroſolimite uniú

586 731 382 44 ſi et bapticabantur ab illo.

585 759 360 50 in ioꝛꝺane flumine. ꝯſīten

589 791 371 53 tes peccata ſua. Et erat ioh́s

584 826 354 50 ueſtituſ ꝺ́ pilis cameli. et

580 860 376 51 cona pellicea circa lūbos eiuſ

579 892 362 42 et locuſtas. ⁊ mel ſilueſtre e-

574 920 371 53 ꝺebat; Et p̄dicabat ꝺicēs. Ue

572 944 377 48 nit foꝛtioꝛ me poſt me; cuiꝰ n̄

568 983 392 49 ſum ꝺignus ꝓcūbens ſoluere coꝛ

568 1013 383 51 rigia calciam̄toꝝ eiꝰ. Ego bapti

563 1045 385 53 gam uos aqua; ille bap̄ticabit

570 1070 381 52 uos ſp̄u ſc̄o; Et fcm̄ eſt in ꝺie

566 1099 397 47 bꝫ illis; uenit ih́c anacareth ga

561 1134 400 46 lilee; et baptizatuſ ē in ioꝛꝺane

550 1160 404 53 ab ioh̕e. Et ſtat̄i aſcendēs ꝺ́ aq¨

550 1191 413 54 uidit ap̄tos celos. et ſp̄m ſcm̄ tā

544 1224 407 60 quā colubā ꝺeſcēdētem et manē

552 1255 405 54 teꝫ in ip̄o. Et uox fcā ē ꝺe celis

549 1290 402 51 tu es filius m̄s ꝺilectuſ in te

563 1315 415 59 Conplacui mͥ Et ſtatim ſp̄c expu-

557 1346 390 54 lit eum in deẜtū. Et erat ī ꝺ́ẜto

562 1369 418 65 q¨ꝺꝛaginta ꝺiebꝫ. et .xl. noctibus;

559 1408 394 67 et tēptabatur aſathana. Eratqꝫ
