3547 5033
720 637 1154 87 ſentem diem. Habeo boueſ ⁊ aſinoſ ⁊ oueſ ⁊ ſeruoſ. et

725 702 1149 93 ancillaſ. Mittoqꝫ nunc legationem aꝺ dn̄m meū;

721 775 1149 79 ut inueniam gr̄am in conſpectu cuo. Reu̾ſiqꝫ ſū̄t

731 841 1157 91 nuntii aꝺ iacob dicentes. Uenimuſ aꝺ eſau frēm tu-

727 914 1165 97 um. ⁊ ecce ꝓperat in occurſum tuum. cum occo. uiris.

734 968 1180 98 Timuit iacob ualꝺe ⁊ perterrituſ diuiſit ppĺm qͥ ſecū.

724 1042 1184 87 erat. Gꝛegeſ quoq: ⁊ oues ⁊ boueſ ⁊ cameloſ in duaᔆ tur-

734 1105 1179 94 maſ dicenſ. Si uenerit eſau aꝺ unam turmam ⁊ per-

733 1174 1144 77 cuſſerit eam; alia turma que reliqua ē ſaluabituʀ

736 1222 1159 107 Dixitqꝫ iacob. Deuſ patriſ mei abꝛaham ⁊ ꝺeuſ patriᔆ

734 1296 1163 89 mei ẏſaac. Domine qui dixiſti michi reu̾tere in terrā

743 1359 1155 86 tuam ⁊ in locum natiuitatiſ tue. ⁊ benefaciam tibi.

744 1430 1158 90 Minoꝛ ſum cunctiſ miſerationibꝫ tuiſ ⁊ ueritate tu-

743 1490 1173 87 a quam expleſti ſeruo tuo. In n baculo meo tranſiui

747 1555 1167 88 ioꝛꝺanem iſtum. ⁊ nunc cum duabꝫ turmiſ egredioꝛ

749 1626 1161 97 Erue me de manu frīſ mei eſau; q2 ualꝺe eum timeo

752 1677 1150 104 ne foꝛte uenienſ ꝑcuciat matres cum filiiſ. Tu locutꝰ

760 1765 1142 81 eſ quoꝺ bene facereſ michi. ⁊ ꝺilatareſ ſemem meum

755 1817 1172 95 ficut harena mariſ que p̄multituꝺine numerari n̄

756 1879 1160 117 poteſt. Cumqꝫ ꝺoꝛmiſſet ibi nocte illa: ſeparauit ꝺe hiͨ

747 1959 1157 95 que habebat munera eſau fr̄i ſuo. Capꝛaſ .cc. Hircoſ .xx.

757 2033 1166 77 oueſ .cc. ⁊ arieteſ .xx. cameloſ. fetaſ cum pulliſ ſuiſ .xxx.

758 2085 1172 92 Uaccaſ .xl. ⁊ tauroſ .xx. Aſinaſ .xx. ⁊ pulloſ ea .xx. Et miſit

760 2169 1162 95 ꝑ manuſ ſeruoꝝ ſuoꝝ gregeſ. Dixitqꝫ pueriſ ſuiſ. Ante

759 2232 1163 92 cedite me et ſit ſpacium in ter gregem ⁊ gregem et

761 2280 1152 117 pꝛecepit pꝛioꝛi dicenſ. Si obuium hũeciſ frēm meū

762 2345 1160 101 eſau ⁊ interrogauerit te. cuiuſ eſ aut quo uaꝺiſ ⁊ cuiꝰ

775 2428 1168 85 ſunt iſta que ſequeriſ. ℟ꝺebiſ. Serui tui iacob. Muńa

767 2493 1154 85 miſit ꝺomino meo eſau. ip̄e quoqꝫ pꝰ noſ uenit. Si-

785 2552 1141 77 militer ꝺedit manꝺata ſed́o ac tercio. ⁊ cunctiſ qui ſe-

773 2628 1164 82 quebantur gregeſ dicenſ. hiſꝺem úbiſ loquimini n

782 2688 1139 94 aꝺ eſau; cum inueneritiſ eum ⁊ aꝺꝺetiſ. Ip̄e quoqꝫ ſer-

763 2753 1162 93 uuſ tuuſ iacob iter nŕm in ſequitur. Dixit enim.

770 2810 1168 108 placabo illum muneribꝫ que pꝛeceꝺunt. ⁊ poſtea ui-

776 2886 1164 88 ꝺebo illum. Foꝛſitan ꝓpiciabitur michi. ꝓceſſerunt

775 2950 1168 84 itaqꝫ munera ante eum. Ip̄e uero manſit nocte illa

783 3014 1153 95 in caſtriſ. Cumqꝫ mature lurexiſſet; tulit duaſ u-

767 3084 1190 99 xoꝛeſ ⁊ totiꝺem famulaſ cum .xi. filiiſ ⁊ tranſiuit ua-

771 3161 1179 74 ꝺum iaboch tranſductiſqꝫ omnibꝫ que aꝺ ſe ꝑtine-

787 3213 1165 84 bant; remanſit ſoluſ. Et ecce uir luctabatur cum eo;

791 3274 1159 93 uſqꝫ mane. Qui cum uiꝺeret quoꝺ eum ſuꝑare nō poſ-

785 3340 1171 91 ſet; tetigit neruum femoꝛiſ eiuſ. ⁊ ſtatim emarcuit

788 3406 1162 93 Dixitqꝫ aꝺ eum. Dimitte me Iam enim aſcenꝺit au

780 3475 1157 88 roꝛa. ℟dit. Non dimittam te niſi benedixeriſ mͥ. Ait

807 3533 1155 117 ergo. Quoꝺ nomen eſt tibi; ℟dit. Iacob. At ille. Nequa

787 3600 1182 87 qͣm inquit iacob appellabitur nomen tuū. ſꝫ iſrĺ. Qm̄

798 3672 1146 90 ſi contra ꝺeum foꝛtiſ fuiſti. quatomaḡ contra homi-

808 3744 1160 79 neſ pꝛeualebiſ; Interrogauit eum iacob. Dic michi

797 3808 1171 84 quo appellariſ nomine; ℟dit. Cur queriſ nomen me-

808 3884 1145 74 um quoꝺ ē mirabile; et benedixit ei in eoꝺem loco.i

805 3944 1165 80 Vocauitqꝫ iacob nomen loci illiuſ phanuel dicenſ. Vi-

797 4004 1177 81 ꝺi ꝺominum facie aꝺ faciem ⁊ ſalua fća ē anima mea

794 4059 1187 86 oꝛtuſqꝫ eſt ei ſtatim ſol; poſtqͣm tranſgreſſuſ ē phanu-

792 4127 1183 89 el. Ip̄e uero clauꝺicabat peꝺe. Quam ob cauſam nō come-

805 4186 1147 97 dunt filii iſrl neruum qui emarcuit in femoꝛe lacob;

805 4258 1175 87 uſqꝫ in pꝛeſentem diem. eo quoꝺ tetigerit neruū fe-

800 4312 1190 96 noꝛiſ eiuſ ⁊ obſtupuerit. Eleuanſ autem iacob ocĺoſ;

817 4395 1177 75 uidit uenientem eſau. ⁊ cum eo .cccc. uiroſ ꝺiuiſitqꝫ fi-

808 4441 1174 89 lioſ lẏe ⁊ rachel. ambaꝝqꝫ famulaꝝ ⁊ poſuit utramqꝫ

812 4497 1165 109 ancillam ⁊ libetoſ eoꝝ in pꝛincipio. Lẏam uero in ſꝺ́o

2071 600 1197 117 loco. ⁊ filioſ eiuſ. Rachel autem ⁊ loſeph nouiſſimoſ. Et

2082 670 1178 98 ip̄e pꝛegredienſ; aꝺoꝛauit ꝓnuſ interram ſeptieſ ꝺonͨ

2077 751 1183 82 appꝛopinquaret fr̄ eiuſ. Currenſ itaqꝫ eſau obuā frī-

2088 801 1196 101 ſuo; amplexatuſ eſt eum. Stringenſqꝫ collum ⁊ oſculāſ

2080 877 1203 94 fleuit. Leuatiſqꝫ oculiſ; uidit muliereſ ⁊ paruuloſ eaꝝ

2076 939 1210 90 ⁊ ait. Quiꝺ ſibi uolunt iſti ⁊ ſi aꝺ te ꝑtinent; ℟dit. par-

2077 1001 1205 100 uili ſunt quoſ ꝺonauit mͥ ꝺeuſ ſeruo tuo. Et appꝛopī

2090 1067 1192 102 quanteſ ancille ⁊ filii eaꝝ; incuruati ſunt. Acceſſit

2086 1138 1182 93 quoqꝫ lẏa cum pueriſ ſuiſ. Et cum ſimilit̄ aꝺ oꝛaſſēt

2080 1207 1188 84 extremi ioſeph ⁊ rachel aꝺoꝛauerunt. Dixitqꝫ eſau Qͤ

2083 1271 1194 82 nam ſunt iſte turme quaſ obuiam habui; Reſponꝺit

2085 1331 1203 91 vt inuenirem gr̄am coꝛam ꝺomino meo. Et ille ait. ha-

2084 1397 1202 88 beo plurima f̄r mi. Sint tua tibi. Dixit iacob. Noli ita ob-

2098 1459 1211 93 ſecro. Sꝫ ſi inueni grām inoculiſ tuiſ; accipe munuſcu-

2105 1528 1182 87 lum de manibꝫ meiſ. Sic enim uiꝺi faciem tuam qua-

2100 1595 1184 94 ſi uiꝺerim uitulum ꝺei. Eſto michi ꝓpiciuſ ⁊ ſuſcipe be-

2091 1657 1220 87 nedictionem qͣm attuli tibi. ⁊ quam ꝺonauit michi ꝺ́ſ

2100 1740 1198 77 tribuenſ omnia. Vix̄ fr̄e compellente ſuſcipienſ ait.

2103 1803 1193 83 Gꝛaꝺiamur ſimul. eroqꝫ ſociuſ itineriſ tui. Dixitqꝫ ia-

2116 1865 1172 86 cob. Noſti ꝺomine mi quoꝺ paruuloſ habeam teneroſ. ⁊

2111 1931 1188 86 oues ac boueſ fitaſ mecum. Quaſ ſi pluſ in ambulanꝺo

2106 1993 1178 93 fecero laboꝛare; moꝛientur una ꝺie cuncti gregeſ. P̄ceꝺat

2112 2064 1178 85 ꝺominuſ meuſ ate ſeruum ſuum. ⁊ ego ſequar paula-

2108 2124 1184 92 tim ueſtigia eiuſ; ſicut uiꝺeo paruuloſ meoſ poſſe ꝺonͨ

2120 2197 1178 88 ueniam aꝺ ꝺominum meum in ſeẏr. ℟ꝺit eſau. Oꝛo te;

2127 2267 1177 73 ut ꝺe ppĺo qui mecum ē ſaltem ſocii remaneant. uie tue.

2110 2328 1183 106 Non ē inquit neceſſe. hoc uno tm̄ inꝺigeo; ut inueniā

2119 2402 1191 84 gr̄am in conſpectu tuo ꝺomine mi. Reuerſuſ ē itaqꝫ

2111 2459 1179 76 illo ꝺie eſau itińe quo uenerat in ſeẏr; ⁊ iacob uenit ī

2129 2518 1165 87 ſocoth; ubi edificata ꝺomo ⁊ fixiſ tentoꝛiiſ appellauit

2131 2599 1178 74 nomen loci illiuſ ſocoth .i. tabernacula. Tranſiuitqꝫ in

2130 2644 1170 99 ſalem urbem ſichimoꝝ que ē in terra chanaan. poſtꝙͣ

2120 2730 1209 69 reúsuſ eſt de meſopotamia ſẏrie. ⁊ habitauit iuxta opi-

2132 2786 1187 85 ꝺum. Emitqꝫ partem agri in qua fixerat tabernacula

2132 2867 1179 77 a filiiſ emoꝛ patriſ ſichen .c. anniſ. Et erecto ibi altari

2140 2916 1177 89 in uocauit ſuꝑ illuꝺ foꝛtiſſimum ꝺeum iſrĺ. Egreſſa

2140 2979 1197 94 autem ꝺina filia lẏe ut uiꝺeret muliereſ regioniſ illiuſ.

2133 3045 1184 94 Quam cum uidiſſet ſichem filiuſ emoꝛ euei pꝛincepſ t̄-

2147 3118 1187 92 re illiuſ; aꝺamauit eam ⁊ rapuit. ⁊ ꝺoꝛmiuit cum illa

2141 3177 1202 95 ui oppꝛimenſ uirginem. ⁊ conglutinata eſt anima eiuꝰ

2145 3251 1208 85 cum ea. Triſtemqꝫ ꝺe liniuit blanꝺitiiſ. ⁊ ꝑgenſ aꝺ emoꝛ

2158 3311 1161 93 patrem ſuum. Accipe michi inquit puellam hanc cō-

2143 3379 1204 84 iugem. Ꝙ cum auꝺiſſet lacob abſentibꝫ filiiſ ⁊ in paſtu

2164 3443 1148 102 pecoꝝ occupatiſ; ſiluit ꝺonec redirent. Egreſſo ā emoꝛ

2166 3506 1158 97 patre ſichem ut loqueretur aꝺ lacob; ecce filii eiuſ ue-

2166 3571 1166 96 niebant ꝺe agro. auꝺitoqꝫ quoꝺ acciꝺerat; irati ſunt

2157 3638 1157 94 ualꝺe eo quoꝺ feꝺam rem ēet operatuſ in iſrĺ. ⁊ uio-

2165 3709 1168 90 lata filia iacob rem illicitam perpetraſſet. Locutuſqꝫ ē

2152 3782 1188 85 emoꝛ itaqꝫ aꝺ eoſ Sichem filii mei aꝺheſit anima filie

2160 3831 1208 93 úre ꝺate eam illi uxoꝛem. ⁊ iungamuſ uiciſſim conubi-

2166 3898 1187 96 a. filiaſ ur̄aſ traꝺite nobiſ. ⁊ filiaſ ur̄aſ accipite. ⁊ habita-

2168 3969 1179 91 te nobiſcum. terra in poteſtate ur̄a ē. exercete negoci-

2160 4024 1189 102 amini ⁊ poſſiꝺete eam. Sꝫ et ſichem aꝺ patrem ⁊ aꝺ fr̄s

2168 4106 1222 81 eiuſ ait. Inueniam gr̄am coꝛam uobiſ. ⁊ quecumqꝫ ſta-

2176 4163 1182 89 tueritiſ ꝺabo. Augete ꝺotem ⁊ munera poſtulate. libēſ

2176 4225 1188 90 tribuam quoꝺ petieritiſ. tm̄ ꝺate puellam hanc uxoꝛē

2178 4291 1176 94 ℟ꝺerunt filii iacob ſichem ⁊ patri eiuſ in ꝺolo ſeuiēteſ

2180 4360 1171 80 obſtupꝛum ſoꝛoꝛiſ. Non poſſumuſ facere quoꝺ petitis.

2173 4427 1216 69 nec ꝺare ſoꝛoꝛem nrām homini incircumciſo. qꝺ́ illici-

2186 4483 1183 86 tum ⁊ nefarium eſt apuꝺ noſ. Sꝫ in hoc ualebimuſ fe-
