1008 1566
111 186 297 52 ſtis uſqꝫ aꝺ ueſpertinum ſacri-

117 232 293 33 ficium. Et ſurgens a ieiunio; ꝯ-

112 259 307 37 ciſſa hn̄s ueſtimenta. et ſacram

118 285 290 40 tunicam ingeniculans. et extē-

111 315 299 43 ꝺens manus aꝺ ꝺn̄m; ꝺicebam.

115 345 302 40 Domine confuſus ſum et reu̾i-

114 370 304 45 tus ſum ante faciem tuam. Pecc̄a

118 407 297 35 eī nr̄a multiplicata ſunt ſuꝑ ca-

119 438 288 35 pita nr̄a. et iniquitates noſtre

113 463 302 43 exaltate ſunt uſqꝫ aꝺ celum. q̄m

117 494 299 38 a tp̄ꝛibꝫ pꝛ̄m nt̄oꝝ ſumus ī mag

116 526 301 33 no peccato uſqꝫ aꝺ ꝺiem hūc. Et pp̄

119 553 303 36 pc̄ca nt̄a et pꝛ̄m nr̄oꝝ ſumus tra-

111 586 308 37 ꝺiti. cum fratribꝫ nr̄is. et cum ſa-

113 608 305 43 cerꝺotibꝫ nr̄is. et regibꝫ t̾re ī gla-

112 646 311 31 ꝺium et captiuitatem. et ꝺepꝛeꝺa

116 675 303 31 tionem cum confuſione uſqꝫ in

116 705 302 33 hoꝺiernum ꝺiem. Et nunc quan-

117 729 306 39 tum eſt qꝺ̾ contigit nobis miſe-

120 761 304 35 ricoꝛꝺia abſ te ꝺomine ꝺeus ꝺere-

112 792 313 32 linq̄ nobis raꝺicem. et nomen ī

113 820 317 36 locum ſanctificationis tue ꝺeteg̾e

120 849 308 34 luminare nr̄m in ꝺomo ꝺomini ꝺ́i

117 878 309 33 nr̄i ꝺare nobis cibum in tempoꝛe

117 909 307 36 ſeruitutis nr̄e. et cum ſeruiremus

114 940 311 33 nō ſumus ꝺ́elicti a ꝺomino ꝺ́o nr̄o;

112 966 307 36 ſeꝺ conſtituit nos in gr̄a. ponens

114 998 313 33 nobis reges perſatum ꝺare cibum.

116 1025 309 35 et clacificare templum ꝺomini ꝺ́i

117 1058 299 32 nr̄i et eꝺificare ꝺeſerta ſẏon ꝺare

120 1088 296 32 nobis ſtabilitatem in iuꝺea et ie

114 1111 312 46 ruſalem. Et nunc quiꝺ ꝺm̄s ꝺn̄e

472 183 301 53 hn̄tes h́; Tʀanſgreſſi ēi ſumus

481 229 287 32 pꝛecepta tua que ꝺediſti in ma

478 260 301 28 nus pueroꝛum tuoꝝ ꝓphetarum

477 283 304 41 ꝺicens. Qm̄ t̾ra in quā introiſtiᔆ

481 313 294 38 poſſiꝺere he̾ꝺitatem eius. t̾ra pol-

478 349 303 31 luta eſt alienigenarum t́re coin

484 375 291 35 quinationibꝫ et īmunꝺitiiꝰ illo

482 405 294 35 rum repleuerunt eam tota īmū

475 436 311 35 ꝺicia ſua. Et nunc filias ueſtras

475 467 299 34 n̄ coniungetis filiis eoꝛum. et fi-

487 495 295 36 lias eoꝛum n̄ accipietis filiis ue-

483 521 303 34 ſtris. et n̄ in quiretis pacem hēre c̄

484 554 299 32 illis omni tp̄ꝛe. ut inualeſcentes

481 580 302 36 manꝺucetis optima t̾re. et h̾eꝺita

479 613 300 35 tem ꝺiſcubuatis filiis ur̄is; uſqꝫ

476 642 299 32 in euum. Et q̄ contingunt nob́

478 673 294 30 omnia fuint ppt̾ opera nr̄a ma-

479 698 300 37 ligna et magna peccata nr̄a. Et

476 730 305 37 ꝺeꝺiſti nobis talem raꝺicem. Et

478 760 304 35 rurſum reuerſi ſumus tranſgre

484 785 293 40 ꝺi legitima tua ut cōmiſcerem˜

483 820 293 31 īmunꝺicie alienarū gentium t̾

477 841 314 40 re huius. Nonne iraſceris nobiᔆ

487 873 302 40 perꝺere nos quo aꝺuſqꝫ n̄ relinq̃

486 903 305 48 tur raꝺix et nomen nīm ꝺomine

486 932 288 41 ꝺeus iſrael uerax es. D̾elicta eſt

482 964 309 37 eī raꝺix usqꝫ in hoꝺiernum ꝺiem.

481 995 290 32 Ecce nunc ſumus in conſpectu

485 1025 300 36 tuo in iniquitatibꝫ nūs. Non eſt

483 1051 296 37 eī aꝺhuc ſtare ante in hiis. Et c̄

482 1072 305 44 aꝺoꝛanꝺo confiteretur eſꝺꝛas flēs

487 1114 293 37 humi pꝛoſtratus ante templū?
