993 1566
102 189 296 46 nus eius inuenite q̄ ꝺicta ſunt

105 222 306 44 pꝛo ꝺelicto. ſumet agnum aꝺ obĺo

110 255 287 43 nem. ut roget pꝛo eo ſacerꝺos. ꝺe-

110 287 291 38 cimam qꝫ partem ſimile conſꝑſe-

106 319 294 32 oleo in ſacrificiū. et olei ſextariū.

107 344 291 37 ꝺuos qꝫ turtures. ſuie ꝺuos colū

106 366 299 43 be pullos. quoꝛū unus ſit ꝓ pc̄to.

104 405 306 35 et alter in holocauſtum; offeretqꝫ

109 435 287 38 ea ꝺie octauo purificationis ſue

107 466 298 37 ſacerꝺoti aꝺ oſtium tabernaculi

107 496 304 37 teſtimonii coꝛam ꝺn̄o. Qui ſuſci-

109 528 294 32 piens agnū pꝛo ꝺelicto. et ſextari

104 556 292 36 um olei. leuabit ſimul. Immola

107 587 285 36 toqꝫ agno ꝺe ſanguinē eius po-

109 616 295 34 net ſuper extremum auricule ꝺex

104 641 283 35 tre illius qui munꝺatur; et ſuꝑ

109 675 297 32 pollices manus eius ac peꝺis ꝺex

111 702 285 34 tri. Olei uero partem mittet in

110 731 286 39 manū ſuam ſiniſtrā. in quo tin-

109 765 299 32 gens ꝺigitum ꝺextre manus. aſ

112 796 294 32 perget ſepties contra ꝺm̄n. tāget

110 822 287 34 qꝫ extremum auricule ꝺextre illiꝰ

108 850 289 38 qui munꝺatur et pollices manꝰ

110 883 295 34 ac peꝺis ꝺextri in loco ſanguiniſ

110 910 301 40 qui efſuſus eſt pꝛo ꝺelicto. Reliꝙ̈

107 944 298 34 aūt partem olei que eſt ī ſiniſtra

104 969 296 41 manu mittet ſuper caput puri-

111 1002 291 35 ſicati. ut placet ꝑ eo ꝺm̄n; et tur

102 1030 299 37 turem ſuie pullum colūbe offét

108 1062 289 34 unum pꝛo ꝺelicto. ec alterum in

107 1090 288 36 holocauſtū cum libam̄tis ſuis.

102 1119 304 50 hoc eſt ſacrificium lepꝛoſi; qͥ h́ere

467 179 297 51 n̄ poteſt omnia in emunꝺatioē

469 224 286 37 ſui. Locutus qꝫ eſt ꝺn̄s aꝺ moẏ-

468 255 307 38 ſen et aaron; ꝺicens. Cūqꝫ īgreᔆ

468 284 290 34 ſi fueritis t̾ram chanaan. quā

470 313 282 36 ego ꝺabo uobis in poſſeſſionē

466 346 292 36 ſi fuerit plaga lepꝛe in eꝺibꝫ . i

468 374 301 41 bit cuius ꝺomus eſt nuntians

469 401 310 41 ſacerꝺoti; et ꝺicet. Qĩ plaga lepͤ.

462 435 307 31 uiꝺetur mͥ ēe in ꝺomo mea. At il-

462 460 297 41 le pꝛecipiet ut efferant uniúſa

463 491 311 37 ꝺe ꝺomo. pꝛiuſquā ingreꝺiatur

469 526 305 35 eam. et uiꝺeatꝰ utrū leꝓſa ſit ne-

469 553 300 39 īmunꝺa fiant omnia q̄ ī ꝺomo

460 585 304 35 ſunt. Intrabitqꝫ poſt ea; ut con-

465 610 306 35 ſiꝺeret lepꝛā ꝺomus. Et cum ui-

463 645 311 30 ꝺerit in parietibꝫ illius qï ualli-

464 673 296 34 culas palloꝛe ſine ruboꝛe ꝺefoꝛ

460 705 305 34 mes. et humilioꝛes ſuperficie re-

458 736 316 34 liqua; egreꝺietur hoſtiū ꝺomus.

465 764 303 34 et ſtatim clauꝺet eam .vii. ꝺiebꝫ.

463 794 303 34 Reúſusqꝫ ꝺie .viͦi. conſiꝺerabit

463 818 313 37 eam. Si inuenerit creuiſſe lepꝛā.

468 849 302 37 uibebit etui lapiꝺes ī quibꝫ lepͣ

465 883 300 35 eſt; et ꝓiciet eos extra cuitatē ī

462 911 317 38 loco īmunꝺo. Domum aūt ip̄am

468 942 308 35 raꝺi intrinſecus per circuitum;

467 976 292 38 et ſꝑgi puluerem raſure exẗ ur-

468 1006 295 31 bem in loco īmunꝺo. lapiꝺes qꝫ

462 1035 303 36 alios reponi ꝓhiis qui ablati

469 1055 302 41 fuerint. et luto alio liniri ꝺomū.

460 1094 320 36 Sin aūt poſtquā eruti ſunt lapi-

463 1123 305 37 ꝺes. et puluis elatus. et alia t́ra
