1800 1350
584 236 208 48 poſuiſti. Tolleſqꝫ tautum ſcꝺ̾m;

587 279 204 24 ⁊ offeres holocauſtum ſuꝑer lig

587 300 206 26 noꝛum ſtruem que ꝺe nemoꝛe

580 323 217 27 ſucciꝺeris. Aſſumptiſ īgitur ge-

581 347 222 24 ꝺeon ꝺecem uiris ꝺe ſeruis ſuis;

580 370 223 24 fecit ſicut pꝛeceperat ei ꝺominuſ.

587 392 208 26 Timens autem ꝺomum patris

582 415 214 26 ſui ec homines illius ciuitatis;

577 438 236 29 per diem facire noluit. ſeꝺ om̄i-

582 462 228 26 a nocte compleuit. Cumqꝫ ſur-

578 482 222 30 rexiſſent uiri oppiꝺi eius mane;

583 507 220 26 uiꝺerunt ꝺeſtructam aram baal·

583 529 222 28 lucumqꝫ ſucci ſum ⁊ taur̄ alt́m

583 556 210 25 impoſitum ſuper altare quoꝺ

582 579 219 25 tunc edificatum erat. Dixerunt

585 600 223 28 qꝫ aꝺinuicem. Quis hoc fecit; Cū

577 623 229 28 qꝫ perquirerent auctoꝛem facti

582 644 220 27 dictum eſt. Geꝺeon filius ioas. fe-

584 669 223 25 cit hoc om̄ia. Et ꝺixecunt aꝺ ioas.

581 687 223 30 Pꝛoduc filium tuum ut moꝛiat˜.

585 712 213 27 quia ꝺeſtruxit aram baal ⁊ ſucci

576 733 228 25 ꝺit nemus. Quibꝫ ille reſponꝺit.

581 757 215 24 Numquiꝺ ultoꝛes eſtis baal· ut

586 777 217 25 pugneris pꝛo eo; Qui aꝺūſariu̾

576 799 218 28 eius eſt. moꝛiatur ante quam

580 821 221 26 lux craſtina ueniat. Si ꝺeus eſt

587 844 216 30 unꝺicet ſe ꝺe eo quiſuffoꝺit am̄

583 871 218 24 eius. Ex illo die uocatus eſt ge-

583 893 224 25 ꝺeon iheroboal. eo quoꝺ ꝺixiſſet

584 917 216 29 ioas ulciſcatur ſe ꝺe eo baal qui

590 939 210 27 ſuffoꝺit altare eius. Igit̃ omni̾

587 962 218 28 maꝺian et amalech et orienta-

586 983 217 35 les populi congregati ſunt ſi-

845 241 208 40 mul; ec tranſeuntes ioꝛꝺanem

845 277 212 27 caſtra metati ſunt in ualle iez

848 297 205 29 rael. Sp̄t autem ꝺm̄ induit gi-

847 319 213 28 ꝺeon. Qui clangens bucina. cō-

847 345 209 24 uocauit ꝺomum abiezer ut ſe-

843 364 216 30 ſequretur. Miſit qꝫ nuncios in

845 388 218 26 uniu̾ſum manaſſen qui et ipſe

843 411 218 29 ſecutuſ eſt eum; et alios nuncios

847 437 220 28 in aſer· ⁊ zabulon et neptalim;

843 459 223 28 Qui occurierunt ei. Dixitqꝫ geꝺe-

842 480 215 29 on aꝺ ꝺūm. Si ſaluum facis ꝑ

841 501 227 32 manum meam populum iſrael

847 528 207 27 ſicut locutus es: ponam uellus

852 548 207 32 hoc lane in area. Si ros in ſolo

846 574 208 27 uellere fuerit. et in omni terra

849 596 216 27 ſiccitas. ſcīam quoꝺ per manū

844 620 224 26 meam ſicut locutus es liberabiſ

845 642 224 27 iſrael. Factum qꝫ eſt ita. Et ꝺe noc-

843 663 210 26 te conſurgens: expꝛeſſo uellere

844 688 208 24 concam roꝛe impleuit. Dixitqꝫ

846 708 226 30 rurſus aꝺ ꝺm̄n. Ne iraſcat˜ furoꝛ

848 730 212 27 tuus contra me; ſi aꝺhuc ſemel

849 752 203 25 temptauero ſignum querens ī

849 771 218 29 uellere. Oro ut ſolum uellus ſiccū

843 796 220 24 ſit. et omniſ terra roꝛe maꝺens;

850 819 215 26 Fecitqꝫ ꝺūs nocte illa ut poſtu-

843 844 215 24 lauerat; et fuit ficcitas in ſolo

847 865 230 32 uellere· et ros in omni terra;

849 888 214 29 Gitur ierobaal qui et geꝺeon ꝺe

843 911 218 27 nocte conſurgens· ⁊ omniſ ppĺs

846 936 206 26 cum eo; uenit aꝺ fontem qui

842 957 221 26 uocatur araꝺ. Erant autem ca-

842 980 227 34 ſtra maꝺian in ualle. Aꝺ ſeptē-
