1013 1500
177 186 162 36 Incipit liber eſꝺꝛe. ſcꝺ́s

367 211 55 33 T E G

370 232 45 17 I T io

367 248 51 15 ſias pa-

369 263 54 19 ſca in

378 273 44 23 iheroſo

378 294 30 18 limis

366 309 51 20 ꝺn̄o ꝺ̄o

373 324 34 19 ⁊ īmo

366 340 44 18 lauit

369 356 42 20 phaſe

381 372 20 19 quart

369 381 41 25 a ꝺeci-

374 404 32 16 ma lu

363 418 53 21 na pu

378 436 30 18 mi mē-

367 450 43 20 ſis ſta-

368 468 30 18 tuens

338 465 74 40 ſacer

171 488 234 28 ꝺotoes per uices. amictos ftolis in tem-

166 508 252 25 plo ꝺn̄i. Et ꝺixit leuitis. ꝺe ſeruietibꝰ

175 531 230 19 ſacris iſrĺ. Scīficate nos ꝺn̄o ꝺeo ⁊ po-

183 541 217 25 nite ſanctam archam ꝺn̄i in ꝺomo:

171 563 240 21 ꝺni quam eꝺificauit ſalomon rex fi-

168 577 243 20 lius d̕o regis iſrl̕. ꝺixi etiam. Nō erit

175 595 235 19 uob́is tollere ſuꝑ hum̄os eā q2 ſcā ē

174 607 234 22 ꝺn̄o ꝺeo nr̄o. Et nūc ꝺeſeruite ꝺn̄o ꝺ̾o

167 628 243 17 nr̄o ⁊ curam agite gentis illius iſrl̕

168 641 247 26 et paire ſ̕m ꝑagos ⁊ tribus nr̄as ſm

172 659 243 20 ſcripturam ꝺ́ꝺ regis iſrl̕ ⁊ ſ̕m magni

178 674 230 22 ficenciam ſalomonis filii eiꝰ ōs in tē

171 690 224 20 plo ⁊ ſ̕m particulam pꝛincipatus pa

179 705 226 20 ternam ur̄am coꝝ qui aſtant in conᔆ

167 719 230 20 pectu fratrū ur̄oꝛ filioꝝ iſrl̕. Imola

169 729 240 27 te paſcha ⁊ ſacrificia. parate flatribꝰ

170 751 235 20 urīs ⁊ facite ſ̕m pꝛeceptū ꝺn̄i qꝺ́ ꝺa-

166 767 234 22 tum eſt per manum m̄oẏſi. Et do-

168 775 229 29 nauit ioſias in plebe que inuenta

170 794 225 23 eſt oues agnoꝝ ⁊ eꝺoꝝ ⁊ capꝛar .xxx.

174 811 229 25 milia uitulos tria milia. Hec ꝺe rega

171 824 235 28 libus ꝺata ſunt ſ̕m ꝓmiſſionem po-

168 840 229 25 pulo ⁊ ſacerꝺotibus in paſcha. Oues

167 859 239 21 nuḿo ꝺuo milia. Ac uitula .c. ⁊ iech

171 870 232 24 mas ⁊ ſemeias ⁊ nathanael frat́ et

169 884 230 27 aſabias ⁊ ozieſ ⁊ coꝛaba in phaſe. o-

172 901 233 26 ues .v. milia. uiculos quingentos.

175 919 223 23 Et hec cum fierent elegēter ſtetert̄

167 929 245 29 ſacerꝺotes ⁊ leuite hn̄tes. azima ꝑ tribꝰ

172 945 243 31 Et hn̄tes ſ̕m partes pꝛincipatꝰ  patnī

167 957 232 33 in conſpectu ppl̕i offerebāt ꝺn̄o ſ̕m

167 980 231 28 ea que in libꝛo moẏſi ſcripta ſūt.

170 996 242 30 et aſſauerūt phaſe igne ꝓ ut opoꝛte

169 1015 240 28 bat ⁊ hoſtias coxerūt in emulis ⁊ olliᔆ

166 1031 229 29 cum beniuolēcia. Et attuler̕t ōibꝰ

174 1048 231 28 qui erant ex plebe. et poſt parauer̄t

167 1064 241 38 ſibi et ſacerꝺotibꝰ. Sacerꝺotes enim

466 188 239 37 offerebāt aꝺipes. uſqꝫ ꝺum finita eēt

477 218 234 22 oꝛa ⁊ leuite parauerunt ſibi ⁊ fr̄ibus

462 233 236 23 ſuis filiis aaron. Et ſacͥficatoꝛes filiaᔆ

470 248 234 26 offerebāt ſuꝑ orꝺinem ſ̕m pꝛeceptū

466 264 240 24 d́ꝺ. Et aſaph. ⁊ zacharias ⁊ ieꝺꝺius qͥ

466 282 228 19 erat a rege ⁊ hoſtiaꝝ ꝑ ſingulas ianuaᔆ

457 296 244 23 ita ut non pꝛeuaricaret unuſquiſqꝫ

466 311 245 26 ſuam fr̄es eoꝝ eī paꝝuerūt illis ⁊ con

465 327 243 22 ſumata ſunt que pertinebāt aꝺ ſacri-

468 343 231 24 ficiū ꝺn̄i. In illa ꝺie egerūt phaſe .et

464 358 241 23 offerebant hoſtias ſuꝑ ꝺn̄i ſacrificiū

466 376 236 21 ſ̕m pꝛeceptū regis ioſue. Et egerunt

461 387 250 28 filii iſrl̕ qui inuenti ſunt ī t́pꝛ illo ph-

459 406 248 21 aſe ⁊ ꝺiem feſtum azimoꝝ per ꝺies ſep

453 420 262 26 tem ⁊ nō eſt celebꝛatū ꝓhaſe tale ī iſrl̕

453 438 252 25 a tp̄ribus ſamuelis ꝓph́e. ⁊ oēs reges iſrl̕

459 454 233 22 nō celebꝛauerunt paſcha tale quale e

460 471 235 23 git loſias ⁊ ſacerꝺotes ⁊ leuite ⁊ iuꝺei

463 485 253 27 ⁊ om̄s iſrĺ qui inuenti ſunt ī commo

454 501 262 24 ratione ih́oſolimis. Octauo ꝺecimo an

455 519 259 21 no regnante loſias celebꝛatū eſt phaſe

458 534 257 25 ⁊ ꝺirecta ſunt opera ioſie in conſpectu

453 550 247 25 ꝺn̄i ꝺei ſui ī coꝛꝺe pleno metuēcia ⁊ qͥ

454 567 247 22 circa illū quiꝺē conſcripta ſūt in priſ-

466 583 242 23 tinis tp̄ribus. ꝺe his qui peccauerunt

461 598 244 22 quiqꝫ irreligioſi fuerunt in ꝺno pꝛe

454 615 247 21 oī gente ⁊ qui nō queſierūt uerba ꝺo-

450 630 253 22 mini ſuꝑ iſrl̕. Et poſt om̄e. actum

456 642 258 28 hūc ioſie aſcenꝺit pharao rex egipti ue-

459 666 250 21 niens abicere in carcamis ſuꝑ eufratē.

456 679 249 24 ⁊ erunt in obuiam illi ioſias ⁊ miſit

454 694 249 23 rex egipti. aꝺ ioſiam ꝺicens. Quiꝺ mi

451 702 255 29 tibi eſt rex iuꝺe. Non ſum miſſo a ꝺn̄o

452 721 251 27 Suꝑ eufratem enim bellum meū eſt

453 733 249 32 feſtinas ꝺeſcenꝺe. Et non eſt reuerſꝰ

454 755 251 24 loſias ſuꝑ currū. ſ expugnare eū cona-

453 770 249 24 batur. non accenꝺens uerbú ꝓph́e ex

466 784 239 28 oꝛe ꝺn̄i ſꝫ coſtituit. aꝺ eum bellum in

449 805 252 20 campo meteꝺau. & ꝺeſcenꝺerūt pꝛi

450 820 245 23 cipes aꝺ regem loſiam. Et ꝺixit rex s

461 835 233 22 púis ſuis. amoue me ⁊ ṕlio īfirmatꝰ

451 849 241 24 ſum enim ualꝺe. Et ſtatim. amouert̄

454 865 237 24 eum púi ip̄iꝰ de acie. Et aſcenꝺi

444 881 256 26 currū ſcꝺ́arium ſuum. & puēis ier-

449 897 253 25 oſolimam uita functus ē. Et ſepul

461 909 241 27 tuſ eſt in paterno ſepulcro & ī ꝺota

451 928 231 24 iuꝺea legebant ioſiam. & qui pꝛeſi

448 943 246 23 ꝺebant cum uxoꝛibꝰ lam̄tabant eū

446 958 247 25 uſqꝫ in hć ꝺiem. t ꝺatū eſt hoc fi

451 973 241 25 eri ſemꝑ in om̄e geno iſrl̕ hec. aūt ſc̄

445 984 260 37 pta ſunt in libꝛo ẏſtoꝛiaꝝ regū iuꝺee

445 1010 254 23 et ſingula geſta actꝯ ioſiē eiūs gli̕a.

447 1026 261 28 Et intll̕cs eiꝰ in legē ꝺn̄i q2eque geſta

451 1042 237 22 ſt̄ ab eo ⁊ que nō. ſcripta ſt̄ in libꝛo

445 1056 260 28 regum iſrl̕ et iuꝺe; ⁊ aſſumētes q́ erāt

444 1077 252 27 ex gente ieconia filiū loſie ꝯſtituer̄t
